@article{freda,
title = "Vision-based interception of a moving target with a nonholonomic mobile robot ",
journal = "Robotics and Autonomous Systems ",
volume = "55",
number = "6",
pages = "419 - 432",
year = "2007",
note = "",
issn = "0921-8890",
doi = "http://dx.doi.org/10.1016/j.robot.2007.02.001",
url = "http://www.sciencedirect.com/science/article/pii/S0921889007000255",
author = "Luigi Freda and Giuseppe Oriolo",
keywords = "Visual servoing",
keywords = "Target interception",
keywords = "Nonholonomic mobile robots",
keywords = "Mobile robot control",
keywords = "Camera tracking "
}

ï»¿@Article{rekleitis,
author="Rekleitis, Ioannis
and Dudek, Gregory
and Milios, Evangelos",
title="Multi-robot collaboration for robust exploration",
journal="Annals of Mathematics and Artificial Intelligence",
volume="31",
number="1",
pages="7--40",
issn="1573-7470",
doi="10.1023/A:1016636024246",
url="http://dx.doi.org/10.1023/A:1016636024246"
}

